@inproceedings{veanes-popl-2014,
  title    = { Minimization of Symbolic Automata },
  author   = { Loris D'Antoni and Margus Veanes },
  crossref = { popl-2014 },
  keywords = { automata }
}

@inproceedings{zhang-popl-2014,
  title    = { Toward General Diagnosis of Static Errors },
  author   = { Danfeng Zhang and Andrew C. Myers },
  crossref = { popl-2014 },
  keywords = { error checking }
}

@inproceedings{chaudhuri-popl-2014,
  title    = { Bridging Boolean and Quantitative Synthesis Using Smoothed Proof Search },
  author   = { Swarat Chaudhuri and Martin Clochard and Armando Solar-Lezama },
  crossref = { popl-2014 },
  keywords = { synthesis }
}

@inproceedings{chen-popl-2014,
  title    = { Counter-Factual Typing for Debugging Type Errors },
  author   = { Sheng Chen and Martin Erwig },
  crossref = { popl-2014 },
  keywords = { error checking }
}

@article{grygiel-jfp-2013,
  author  = { Grygiel, Katarzyna and Lescanne, Pierre },
  title   = { Counting and Generating Lambda Terms },
  journal = { Journal of Functional Programming },
  volume  = { 23 },
  issue   = { 05 },
  month   = { 9 },
  year    = { 2013 },
  issn    = { 1469-7653 },
  pages   = { 594--628 },
  numpages = { 35 },
}

@inproceedings{botincan-popl-2013,
  author   = { Botin\v{c}an, Matko and Babi\'{c}, Domagoj },
  title    = { Sigma*: Symbolic Learning of Input-output Specifications },
  crossref = { popl-2013 },
  keywords = { synthesis }
}

@inproceedings{koksal-popl-2013,
  author   = { K\"{o}ksal, Ali Sinan and Kuncak, Viktor and Suter, Philippe },
  title    = { Constraints As Control },
  crossref = { popl-2012 },
  keywords = { constraint-based programming }
}

@inproceedings{gulwani-popl-2011,
  author    = { Gulwani, Sumit },
  title     = { Automating String Processing in Spreadsheets Using Input-output Examples },
  booktitle = { Proceedings of the 38th {A}nnual {ACM} {SIGACT-SIGPLAN} {S}ymposium on {P}rinciples of {P}rogramming {L}anguages {(POPL)} },
  year      = 2011,
  keywords  = { synthesis }
}

@inproceedings{gupta-popl-2011,
  author   = { Gupta, Ashutosh and Popeea, Corneliu and Rybalchenko, Andrey },
  title    = { Predicate Abstraction and Refinement for Verifying Multi-threaded Programs },
  crossref = { popl-2011 },
  keywords = { synthesis }
}

@inproceedings{ghica-popl-2011,
  author    = { Ghica, Dan R. and Smith, Alex },
  title     = { Geometry of Synthesis III: Resource Management Through Type Inference },
  crossref  = { popl-2011 },
  keywords  = { synthesis }
}

@inproceedings{tachio-popl-2010,
  author    = { Terauchi, Tachio },
  title     = { Dependent Types from Counterexamples },
  crossref  = { popl-2010 },
  keywords  = { type inference }
}

@inproceedings{rondon-popl-2010,
  author    = { Rondon, Patrick Maxim and Kawaguchi, Ming and Jhala, Ranjit },
  title     = { Low-level Liquid Types },
  crossref  = { popl-2010 },
  keywords  = { type inference }
}

@inproceedings{podelski-popl-2010,
  author    = { Podelski, Andreas and Wies, Thomas },
  title     = { Counterexample-guided Focus },
  crossref  = { popl-2010 },
  keywords  = { program synthesis }
}

@inproceedings{srivastava-popl-2010,
  author    = { Srivastava, Saurabh and Gulwani, Sumit and Foster, Jeffrey S. },
  title     = { From Program Verification to Program Synthesis },
  crossref  = { popl-2010 },
  keywords  = { program synthesis }
}

@inproceedings{bodik-popl-2010,
  author    = { Bodik, Rastislav and Chandra, Satish and Galenson, Joel and Kimelman, Doug and Tung, Nicholas and Barman, Shaon and Rodarmor, Casey },
  title     = { Programming with Angelic Nondeterminism },
  crossref  = { popl-2010 },
  keywords  = { program synthesis }
}

@inproceedings{vechev-popl-2010,
  author    = { Vechev, Martin and Yahav, Eran and Yorsh, Greta },
  title     = { Abstraction-guided Synthesis of Synchronization },
  crossref  = { popl-2010 },
  keywords  = { program synthesis }
}

@inproceedings{condit-popl-2009,
  author    = { Condit, Jeremy and Hackett, Brian and Lahiri, Shuvendu K. and Qadeer, Shaz },
  title     = { Unifying Type Checking and Property Checking for Low-level Code },
  crossref  = { popl-2009 },
  keywords  = { smt solver }
}

@inproceedings{leijen-popl-2009,
  author    = { Leijen, Daan },
  title     = { Flexible Types: Robust Type Inference for First-class Polymorphism },
  crossref  = { popl-2009 },
  keywords  = { type inference }
}

@inproceedings{lahiri-popl-2008,
  author    = { Lahiri, Shuvendu and Qadeer, Shaz },
  title     = { Back to the Future: Revisiting Precise Program Verification Using SMT Solvers },
  crossref  = { popl-2008 },
  keywords  = { smt solvers }
}

@inproceedings{fisher-popl-2008,
  author    = { Fisher, Kathleen and Walker, David and Zhu, Kenny Q. and White,
    Peter },
  title     = { From Dirt to Shovels: Fully Automatic Tool Generation from Ad Hoc Data },
  crossref  = { popl-2008 },
  keywords  = { synthesis }
}

@inproceedings{gulwani-popl-2007,
  author    = { Gulwani, Sumit and Jojic, Nebojsa },
  title     = { Program Verification As Probabilistic Inference },
  crossref  = { popl-2007 },
  keywords  = { program verification }
}

@inproceedings{pottier-popl-2006,
  author    = { Pottier, Fran\c{c}ois and R{\'e}gis-Gianas, Yann },
  title     = { Stratified Type Inference for Generalized Algebraic Data Types },
  crossref  = { popl-2006 },
  keywords  = { type inference, dependent types }
}

@inproceedings{mckinna-popl-2006,
  author    = { McKinna, James },
  title     = { Why Dependent Types Matter },
  crossref  = { popl-2006 },
  keywords  = { dependent types }
}

@inproceedings{alur-popl-2005,
  author    = { Alur, Rajeev and \v{C}ern\'{y}, Pavol and Madhusudan, P. and Nam, Wonhong },
  title     = { Synthesis of Interface Specifications for Java Classes },
  crossref  = { popl-2005 },
  keywords  = { synthesis }
}

@inproceedings{ammons-popl-2002,
  author    = { Ammons, Glenn and Bod\'{\i}k, Rastislav and Larus, James R. },
  title     = { Mining Specifications },
  crossref  = { popl-2002 },
  keywords  = { synthesis }
}

@inproceedings{odersky-popl-2001,
  author    = { Odersky, Martin and Zenger, Christoph and Zenger, Matthias },
  title     = { Colored Local Type Inference },
  crossref  = { popl-2001 },
  keywords  = { type inference }
}

@inproceedings{lewis-popl-2000,
  author    = { Lewis, Jeffrey R. and Launchbury, John and Meijer, Erik and Shields, Mark B. },
  title     = { Implicit Parameters: Dynamic Scoping with Static Types },
  crossref  = { popl-2000 },
  keywords  = { language design, implicits }
}

@inproceedings{norell-icfp-2013,
  author    = { Norell, Ulf },
  title     = { Interactive Programming with Dependent Types },
  crossref  = { icfp-2013 },
  keywords  = { dependent types }
}

@inproceedings{perera-icfp-2012,
  author    = { Perera, Roly and Acar, Umut A. and Cheney, James and Levy, Paul Blain },
  title     = { Functional Programs That Explain Their Work },
  crossref  = { icfp-2012 },
  keywords  = { functional programming }
}

@inproceedings{mcbride-icfp-2012,
  author    = { McBride, Conor Thomas },
  title     = { Agda-curious?: An Exploration of Programming with Dependent Types },
  crossref  = { icfp-2012 },
  keywords  = { dependent types }
}

@inproceedings{myreen-icfp-2012,
  author    = { Myreen, Magnus O. and Owens, Scott },
  title     = { Proof-producing Synthesis of ML from Higher-order Logic },
  crossref  = { icfp-2012 },
  keywords  = { synthesis }
}

@inproceedings{takeyama-icfp-2011,
  author    = { Takeyama, Makoto },
  title     = { Programming Assurance Cases in Agda },
  crossref  = { icfp-2011 },
  keywords  = { dependent types }
}

@inproceedings{gonthier-icfp-2011,
  author    = { Gonthier, Georges and Ziliani, Beta and Nanevski, Aleksandar and Dreyer, Derek },
  title     = { How to Make Ad Hoc Proof Automation Less Ad Hoc },
  crossref  = { icfp-2011 },
  keywords  = { dependent types }
}

@inproceedings{swamy-icfp-2011,
  author    = { Swamy, Nikhil and Guts, Nataliya and Leijen, Daan and Hicks, Michael },
  title     = { Lightweight Monadic Programming in ML },
  crossref  = { icfp-2011 },
  keywords  = { type inference }
}

@inproceedings{mazurak-icfp-2010,
  author    = { Mazurak, Karl and Zdancewic, Steve },
  title     = { Lolliproc: to Concurrency from Classical Linear Logic via Curry-Howard and Control },
  crossref  = { icfp-2010 },
  keywrods  = { types, concurrency },
}

@inproceedings{bierman-icfp-2010,
  author    = { Bierman, Gavin M. and Gordon, Andrew D. and Hri\c{t}cu, C\u{a}t\u{a}lin and Langworthy, David },
  title     = { Semantic Subtyping with an SMT Solver },
  crossref  = { icfp-2010 },
  keywords  = { smt solver }
}

@inproceedings{schrijvers-icfp-2009,
  author    = { Schrijvers, Tom and Peyton Jones, Simon and Sulzmann, Martin and Vytiniotis, Dimitrios },
  title     = { Complete and Decidable Type Inference for GADTs },
  crossref  = { icfp-2009 },
  keywords  = { type inference }
}

@inproceedings{chlipala-icfp-2009,
  author    = { Chlipala, Adam and Malecha, Gregory and Morrisett, Greg and Shinnar, Avraham and Wisnesky, Ryan },
  title     = { Effective Interactive Proofs for Higher-order Imperative Programs },
  crossref  = { icfp-2009 },
  keywords  = { dependent types }
}

@inproceedings{jia-icfp-2008,
  author    = { Jia, Limin and Vaughan, Jeffrey A. and Mazurak, Karl
            and Zhao, Jianzhou and Zarko, Luke and Schorr, Joseph
            and Zdancewic, Steve },
  title     = { {AURA}: A Programming Language for Authorization and Audit },
  crossref  = { icfp-2008 },
  keywords  = { dependent types, security, information flow},
}

@inproceedings{remy-icfp-2008,
  author    = { R{\'e}my, Didier and Yakobowski, Boris },
  title     = { From ML to MLF: Graphic Type Constraints with Efficient Type Inference },
  crossref  = { icfp-2008 },
  keywords  = { type inference }
}

@inproceedings{vytiniotis-icfp-2006,
  author    = { Vytiniotis, Dimitrios and Weirich, Stephanie and Peyton Jones, Simon },
  title     = { Boxy Types: Inference for Higher-rank Types and Impredicativity },
  crossref  = { icfp-2006 },
  keywords  = { type inference }
}

@inproceedings{peytonjones-icfp-2006,
  author    = { Peyton Jones, Simon and Vytiniotis, Dimitrios and Weirich, Stephanie and Washburn, Geoffrey },
  title     = { Simple Unification-based Type Inference for GADTs },
  crossref  = { icfp-2006 },
  keywords  = { type inference }
}

@inproceedings{pottier-icfp-2005,
  author    = { Pottier, Fran\c{c}ois },
  title     = { From ML Type Inference to Stratified Type Inference },
  crossref  = { icfp-2005 },
  keywords  = { type inference }
}

@inproceedings{remy-icfp-2005,
  author    = { R{\'e}my, Didier },
  title     = { Simple, Partial Type-inference for System F Based on Type-containment },
  crossref  = { icfp-2005 },
  keywords  = { type inference }
}

@inproceedings{makholm-icfp-2005,
  author    = { Makholm, Henning and Wells, J. B. },
  title     = { Type Inference, Principal Typings, and Let-polymorphism for First-class Mixin Modules },
  crossref  = { icfp-2005 },
  keywords  = { type inference }
}

@inproceedings{simonet-icfp-2003,
  author    = { Simonet, Vincent },
  title     = { An Extension of HM(X) with Bounded Existential and Universal Data-types },
  crossref  = { icfp-2003 },
  keywords  = { type inference }
}

@inproceedings{page-icfp-2003,
  author    = { Page, Rex L. },
  title     = { Software is Discrete Mathematics },
  crossref  = { icfp-2003 },
  keywords  = { education }
}

@inproceedings{heeren-icfp-2003,
  author    = { Heeren, Bastiaan and Hage, Jurriaan and Swierstra, S. Doaitse },
  title     = { Scripting the Type Inference Process },
  crossref  = { icfp-2003 },
  keywords  = { type inference }
}

@inproceedings{findler-icfp-2002,
  author    = { Findler, Robert Bruce and Fellesien, Matthias },
  title     = { Contracts for Higher-order Functions },
  crossref  = { icfp-2002 },
  keywords  = { contracts },
}

@inproceedings{myers-icfp-2002,
  author    = { Myers, Brad A. },
  title     = { Towards More Natural Functional Programming Languages },
  crossref  = { icfp-2002 },
  keywords  = { hci }
}

@inproceedings{claessen-icfp-2000,
  author    = { Claessen, Koen and Hughes, John },
  title     = { QuickCheck: A Lightweight Tool for Random Testing of Haskell Programs },
  crossref  = { icfp-2000 },
  keywords  = { testing }
}

@inproceedings{udupa-pldi-2013,
  author    = { Udupa, Abhishek and Raghavan, Arun and Deshmukh, Jyotirmoy V. and Mador-Haim, Sela and Martin, Milo M.K. and Alur, Rajeev },
  title     = { TRANSIT: Specifying Protocols with Concolic Snippets },
  booktitle = { Proceedings of the 2013 {ACM} {SIGPLAN} {C}onference on {P}rogramming {L}anguage {D}esign and
    {I}mplementation {(PLDI)} },
  year      = 2013,
  keywords  = { synthesis }
}

@inproceedings{isradisaikul-pldi-2013,
  author    = { Isradisaikul, Chinawat and Myers, Andrew C. },
  title     = { Reconciling Exhaustive Pattern Matching with Objects },
  crossref  = { pldi-2013 },
  keywords  = { synthesis }
}

@inproceedings{cheung-pldi-2013,
  author    = { Cheung, Alvin and Solar-Lezama, Armando and Madden, Samuel },
  title     = { Optimizing Database-backed Applications with Query Synthesis },
  crossref  = { pldi-2013 },
  keywords  = { synthesis }
}

@inproceedings{singh-pldi-2013,
  author    = { Singh, Rishabh and Gulwani, Sumit and Solar-Lezama, Armando },
  title     = { Automated Feedback Generation for Introductory Programming Assignments },
  crossref  = { pldi-2013 },
  keywords  = { synthesis }
}

@inproceedings{gvero-pldi-2013,
  author    = { Gvero, Tihomir and Kuncak, Viktor and Kuraj, Ivan and Piskac, Ruzica },
  title     = { Complete Completion Using Types and Weights },
  booktitle = { Proceedings of the 2013 {ACM} {SIGPLAN} {C}onference on {P}rogramming {L}anguage {D}esign and
    {I}mplementation {(PLDI)} },
  year      = 2013,
  keywords  = { synthesis }
}

@inproceedings{burckhardt-pldi-2013,
  author    = { Burckhardt, Sebastian and Fahndrich, Manuel and de Halleux, Peli and McDirmid, Sean and Moskal, Michal and Tillmann, Nikolai and Kato, Jun },
  title     = { It's Alive! Continuous Feedback in UI Programming },
  crossref  = { pldi-2013 },
  keywords  = { live programming }
}

@inproceedings{grebenshchikov-pldi-2012,
  author    = { Grebenshchikov, Sergey and Lopes, Nuno P. and Popeea, Corneliu and Rybalchenko, Andrey },
  title     = { Synthesizing Software Verifiers from Proof Rules },
  crossref  = { pldi-2012 },
  keywords  = { synthesis }
}

@inproceedings{hawkins-pldi-2012,
  author    = { Hawkins, Peter and Aiken, Alex and Fisher, Kathleen and Rinard, Martin and Sagiv, Mooly },
  title     = { Concurrent Data Representation Synthesis },
  crossref  = { pldi-2012 },
  keywords  = { synthesis }
}

@inproceedings{godefroid-pldi-2012,
  author    = { Godefroid, Patrice and Taly, Ankur },
  title     = { Automated Synthesis of Symbolic Instruction Encodings from I/O Samples },
  crossref  = { pldi-2012 },
  keywords  = { synthesis }
}

@inproceedings{liu-pldi-2012,
  author    = { Liu, Feng and Nedev, Nayden and Prisadnikov, Nedyalko and Vechev, Martin and Yahav, Eran },
  title     = { Dynamic Synthesis for Relaxed Memory Models },
  crossref  = { pldi-2012 },
  keywords  = { synthesis }
}

@inproceedings{hackett-pldi-2012,
  author    = { Hackett, Brian and Guo, Shu-yu },
  title     = { Fast and Precise Hybrid Type Inference for JavaScript },
  crossref  = { pldi-2012 },
  keywords  = { type inference }
}

@inproceedings{perelman-pldi-2012,
  author    = { Perelman, Daniel and Gulwani, Sumit and Ball, Thomas and Grossman, Dan },
  title     = { Type-directed Completion of Partial Expressions },
  crossref  = { pldi-2012 },
  keywords  = { synthesis, code completion }
}

@inproceedings{dillig-pldi-2012,
  author    = { Dillig, Isil and Dillig, Thomas and Aiken, Alex },
  title     = { Automated Error Diagnosis Using Abductive Inference },
  crossref  = { pldi-2012 },
  keywords  = { synthesis },
}

@inproceedings{oliveira-pldi-2012,
  author    = { Oliveira, Bruno C.d.S. and Schrijvers, Tom and Choi, Wontae and Lee, Wonchan and Yi, Kwangkeun },
  title     = { The Implicit Calculus: A New Foundation for Generic Programming },
  crossref  = { pldi-2012 },
  keywords  = { implicits, language design },
}

@inproceedings{srivastava-pldi-2011,
  author    = { Srivastava, Saurabh and Gulwani, Sumit and Chaudhuri, Swarat and Foster, Jeffrey S. },
  title     = { Path-based Inductive Synthesis for Program Inversion },
  crossref  = { pldi-2011 },
  keywords  = { synthesis }
}

@inproceedings{beckman-pldi-2011,
  author    = { Beckman, Nels E. and Nori, Aditya V. },
  title     = { Probabilistic, Modular and Scalable Inference of Typestate Specifications },
  crossref  = { pldi-2011 },
  keywords  = { synthesis }
}

@inproceedings{harris-pldi-2011,
  author    = { Harris, William R. and Gulwani, Sumit },
  title     = { Spreadsheet Table Transformations from Examples },
  crossref  = { pldi-2011 },
  keywords  = { synthesis }
}

@inproceedings{meng-pldi-2011,
  author    = { Meng, Na and Kim, Miryung and McKinley, Kathryn S. },
  title     = { Systematic Editing: Generating Program Transformations from an Example },
  crossref  = { pldi-2011 },
  keywords  = { synthesis }
}

@inproceedings{hawkins-pldi-2011,
  author    = { Hawkins, Peter and Aiken, Alex and Fisher, Kathleen and Rinard, Martin and Sagiv, Mooly },
  title     = { Data Representation Synthesis },
  crossref  = { pldi-2011 },
  keywords  = { synthesis }
}

@inproceedings{gulwani-pldi-1-2011,
  author    = { Gulwani, Sumit and Korthikanti, Vijay Anand and Tiwari, Ashish },
  title     = { Synthesizing Geometry Constructions },
  crossref  = { pldi-2011 },
  keywords  = { synthesis }
}

@inproceedings{gulwani-pldi-2-2011,
  author    = { Gulwani, Sumit and Jha, Susmit and Tiwari, Ashish and Venkatesan, Ramarathnam },
  title     = { Synthesis of Loop-free Programs },
  crossref  = { pldi-2011 },
  keywords  = { synthesis }
}

@inproceedings{tate-pldi-2010,
  author    = { Tate, Ross and Chen, Juan and Hawblitzel, Chris },
  title     = { Inferable Object-oriented Typed Assembly Language },
  crossref  = { pldi-2010 },
  keywords  = { type inference }
}

@inproceedings{kuncak-pldi-2010,
  author    = { Kuncak, Viktor and Mayer, Mika\"{e}l and Piskac, Ruzica and Suter, Philippe },
  title     = { Complete Functional Synthesis },
  crossref  = { pldi-2010 },
  keywords  = { synthesis }
}

@inproceedings{zee-pldi-2009,
  author    = { Zee, Karen and Kuncak, Viktor and Rinard, Martin C. },
  title     = { An Integrated Proof Language for Imperative Programs },
  crossref  = { pldi-2009 },
  keywords  = { proof assistants }
}

@inproceedings{solar-lezama-pldi-2008,
  author    = { Solar-Lezama, Armando and Jones, Christopher Grant and Bodik, Rastislav },
  title     = { Sketching Concurrent Data Structures },
  crossref  = { pldi-2008 },
  keywords  = { concurrency, sat, sketching, spin, synthesis },
}

@inproceedings{rondon-pldi-2008,
  author    = { Rondon, Patrick M. and Kawaguci, Ming and Jhala, Ranjit },
  title     = { Liquid Types },
  crossref  = { pldi-2008 },
  keywords  = { type inference, dependent types }
}

@inproceedings{vondincklage-pldi-2008,
  author    = { von Dincklage, Daniel and Diwan, Amer },
  title     = { Explaining Failures of Program Analyses },
  crossref  = { pldi-2008 },
  keywords  = { error checking },
}

@inproceedings{gulwani-pldi-2008,
  author    = { Gulwani, Sumit and Srivastava, Saurabh and Venkatesan, Ramarathnam },
  title     = { Program Analysis As Constraint Solving },
  crossref  = { pldi-2008 },
  keywords  = { verification }
}

@inproceedings{lerner-pldi-2007,
  author    = { Lerner, Benjamin S. and Flower, Matthew and Grossman, Dan and Chambers, Craig },
  title     = { Searching for Type-error Messages },
  crossref  = { pldi-2007 },
  keywords  = { error checking }
}

@inproceedings{dillig-pldi-2007,
  author    = { Dillig, Isil and Dillig, Thomas and Aiken, Alex },
  title     = { Static Error Detection Using Semantic Inconsistency Inference },
  crossref  = { pldi-2007 },
  keywords  = { error checking }
}

@inproceedings{ha-pldi-2007,
  author    = { Ha, Jungwoo and Rossbach, Christopher J. and Davis, Jason V. and Roy, Indrajit and Ramadan, Hany E. and Porter, Donald E. and Chen, David L. and Witchel, Emmett },
  title     = { Improved Error Reporting for Software That Uses Black-box Components },
  crossref  = { pldi-2007 },
  keywords  = { error checking }
}

@inproceedings{sridharan-pldi-2007,
  author    = { Sridharan, Manu and Fink, Stephen J. and Bodik, Rastislav },
  title     = { Thin Slicing },
  crossref  = { pldi-2007 },
  keywords  = { slicing }
}

@inproceedings{ramanathan-pldi-2007,
  author    = { Ramanathan, Murali Krishna and Grama, Ananth and Jagannathan, Suresh },
  title     = { Static Specification Inference Using Predicate Mining },
  crossref  = { pldi-2007 },
  keywords  = { synthesis }
}

@inproceedings{solar-lezama-pldi-2007,
  author    = { Solar-Lezama, Armando and Arnold, Gilad and Tancau, Liviu and Bodik, Rastislav and Saraswat, Vijay and Seshia, Sanjit },
  title     = { Sketching Stencils },
  crossref  = { pldi-2007 },
  keywords  = { synthesis }
}

@inproceedings{zhang-pldi-2006,
  author    = { Zhang, Xiangyu and Gupta, Neelam and Gupta, Rajiv },
  title     = { Pruning Dynamic Slices with Confidence },
  crossref  = { pldi-2006 },
  keywords  = { slicing }
}

@inproceedings{jhala-pldi-2005,
  author    = { Jhala, Ranjit and Majumdar, Rupak },
  title     = { Path Slicing },
  crossref  = { pldi-2005 },
  keywords  = { slicing },
}

@inproceedings{mandelin-pldi-2005,
  author    = { Mandelin, David and Xu, Lin and Bod\'{\i}k, Rastislav and Kimelman, Doug },
  title     = { Jungloid Mining: Helping to Navigate the API Jungle },
  crossref  = { pldi-2005 },
  keywords  = { synthesis, code completion }
}

@inproceedings{godefroid-pldi-2005,
  author    = { Godefroid, Patrice and Klarlund, Nils and Sen, Koushik },
  title     = { DART: Directed Automated Random Testing },
  crossref  = { pldi-2005 },
  keywords  = { testing }
}

@inproceedings{solar-lezama-pldi-2005,
  author    = { Solar-Lezama, Armando and Rabbah, Rodric and Bod\'{\i}k, Rastislav and Ebcio\u{g}lu, Kemal },
  title     = {Programming by Sketching for Bit-streaming Programs},
  crossref  = { pldi-2005 },
  keywords  = { synthesis }
}

@inproceedings{chin-pldi-2004,
  author    = { Chin, Wei-Ngan and Craciun, Florin and Qin, Shengchao and Rinard, Martin },
  title     = { Region Inference for an Object-oriented Language },
  crossref  = { pldi-2004 },
  keywords  = { type inference }
}

@inproceedings{raychev-oopsla-2013,
  author    = { Raychev, Veselin and Sch\"{a}fer, Max and Sridharan, Manu and Vechev, Martin },
  title     = { Refactoring with Synthesis },
  crossref  = { oopsla-2013 },
  keywords  = { synthesis }
}

@inproceedings{kneuss-oopsla-2013,
  author    = { Kneuss, Etienne and Kuraj, Ivan and Kuncak, Viktor and Suter, Philippe },
  title     = { Synthesis Modulo Recursive Functions },
  crossref  = { oopsla-2013 },
  keywords  = { synthesis }
}

@inproceedings{zhong-oopsla-2013,
  author    = { Zhong, Hao and Su, Zhendong },
  title     = { Detecting API Documentation Errors },
  crossref  = { oopsla-2013 },
  keywords  = { error checking }
}

@inproceedings{mayer-oopsla-2012,
  author    = { Mayer, Clemens and Hanenberg, Stefan and Robbes, Romain and Tanter, \'{E}ric and Stefik, Andreas },
  title     = { An Empirical Study of the Influence of Static Type Systems on the Usability of Undocumented Software },
  crossref  = { oopsla-2012 },
  keywords  = { language design }
}

@inproceedings{mishne-oopsla-2012,
  author    = { Mishne, Alon and Shoham, Sharon and Yahav, Eran },
  title     = { Typestate-based Semantic Code Search over Partial Programs },
  crossref  = { oopsla-2012 },
  keywords  = { code completion }
}

@inproceedings{prountzos-oopsla-2012,
  author    = { Prountzos, Dimitrios and Manevich, Roman and Pingali, Keshav },
  title     = { Elixir: A System for Synthesizing Concurrent Graph Programs },
  crossref  = { oopsla-2012 },
  keywords  = { synthesis }
}

@inproceedings{leino-oopsla-2012,
  author    = { Leino, K. Rustan M. and Milicevic, Aleksandar },
  title     = { Program Extrapolation with Jennisys },
  crossref  = { oopsla-2012 },
  keywords  = { synthesis }
}

@inproceedings{chugh-oopsla-2012,
  author    = { Chugh, Ravi and Herman, David and Jhala, Ranjit },
  title     = { Dependent Types for JavaScript },
  crossref  = { oopsla-2012 },
  keywords  = { dependent types }
}

@inproceedings{yessenov-oopsla-2011,
  author    = { Yessenov, Kuat and Xu, Zhilei and Solar-Lezama, Armando },
  title     = { Data-driven Synthesis for Object-oriented Frameworks },
  crossref  = { oopsla-2011 },
  keywords  = { synthesis }
}

@inproceedings{pu-oopsla-2011,
  author    = { Pu, Yewen and Bodik, Rastislav and Srivastava, Saurabh },
  title     = { Synthesis of First-order Dynamic Programming Algorithms },
  crossref  = { oopsla-2011 },
  keywords  = { synthesis }
}

@inproceedings{hanenberg-oopsla-2010,
 author     = {Hanenberg, Stefan},
 title      = {An Experiment About Static and Dynamic Type Systems: Doubts About the Positive Impact of Static Type Systems on Development Time},
 crossref   = { oopsla-2010 },
 keywords   = { language design }
}

@inproceedings{nguyen-oopsla-2010,
  author    = { Nguyen, Hoan Anh and Nguyen, Tung Thanh and Wilson,Jr., Gary and Nguyen, Anh Tuan and Kim, Miryung and Nguyen, Tien N. },
  title     = { A Graph-based Approach to API Usage Adaptation },
  crossref  = { oopsla-2010 },
  keywords  = { code completion }
}

@inproceedings{itzhaky-oopsla-2010,
  author    = { Itzhaky, Shachar and Gulwani, Sumit and Immerman, Neil and Sagiv, Mooly },
  title     = { A Simple Inductive Synthesis Methodology and Its Applications },
  crossref  = { oopsla-2010 },
  keywords  = { synthesis }
}

@inproceedings{bellamy-oopsla-2008,
  author    = { Bellamy, Ben and Avgustinov, Pavel and de Moor, Oege and Sereni, Damien },
  title     = { Efficient Local Type Inference },
  crossref  = { oopsla-2008 },
  keywords  = { type inference }
}

@inproceedings{greenfieldboyce-oopsla-2007,
  author    = { Greenfieldboyce, David and Foster, Jeffrey S. },
  title     = { Type Qualifier Inference for Java },
  crossref  = { oopsla-2007 },
  keywords  = { type inference }
}

@inproceedings{mcdirmid-oopsla-2007,
  author    = { McDirmid, Sean },
  title     = { Living It Up with a Live Programming Language },
  crossref  = { oopsla-2007 },
  keywords  = { live programming }
}

@inproceedings{gasiunas-oopsla-2007,
  author    = { Gasiunas, Vaidas and Mezini, Mira and Ostermann, Klaus },
  title     = { Dependent Classes },
  crossref  = { oopsla-2007 },
  keywords  = { dependent types }
}

@inproceedings{callau-icse-2013,
  author    = { Calla\'{u}, Oscar },
  title     = { Supporting Incremental Programming with Ghosts },
  crossref  = { icse-2013 },
  keywords  = { incremental programming }
}

@inproceedings{johnson-icse-2013,
  author    = { Johnson, Brittany and Song, Yoonki and Murphy-Hill, Emerson and Bowdidge, Robert },
  title     = { Why Don\&\#039;T Software Developers Use Static Analysis Tools to Find Bugs? },
  crossref  = { icse-2013 },
  keywords  = { emperical analysis }
}

@inproceedings{rigby-icse-2013,
  author    = { Rigby, Peter C. and Robillard, Martin P. },
  title     = { Discovering Essential Code Elements in Informal Documentation },
  crossref  = { icse-2013 },
  keywords  = { code mining }
}

@inproceedings{meng-icse-2013,
  author    = { Meng, Na and Kim, Miryung and McKinley, Kathryn S. },
  title     = { LASE: Locating and Applying Systematic Edits by Learning from Examples },
  crossref  = { icse-2013 },
  keywords  = { code completion }
}

@inproceedings{buse-icse-2012,
  author    = {Buse, Raymond P. L. and Weimer, Westley},
  title     = {Synthesizing API Usage Examples},
  crossref  = { icse-2012 },
  keywords  = { code completion }
}

@inproceedings{zhang-icse-2012,
  author    = {Zhang, Cheng and Yang, Juyuan and Zhang, Yi and Fan, Jing and Zhang, Xin and Zhao, Jianjun and Ou, Peizhao},
  title     = {Automatic Parameter Recommendation for Practical API Usage},
  crossref  = { icse-2012 },
  keywords  = { code completion }
}

@inproceedings{hindle-icse-2012,
  author    = { Hindle, Abram and Barr, Earl T. and Su, Zhendong and Gabel, Mark and Devanbu, Premkumar },
  title     = { On the Naturalness of Software },
  crossref  = { icse-2012 },
  keywords  = { code completion }
}

@inproceedings{nguyen-icse-2012,
  author    = {Nguyen, Anh Tuan and Nguyen, Tung Thanh and Nguyen, Hoan Anh and Tamrawi, Ahmed and Nguyen, Hung Viet and Al-Kofahi, Jafar and Nguyen, Tien N.},
  title     = {Graph-based Pattern-oriented, Context-sensitive Source Code Completion},
  crossref  = { icse-2012 },
  keywords  = { code completion }
}

@inproceedings{pankratius-icse-2012,
  author    = { Pankratius, Victor and Schmidt, Felix and Garret\'{o}n, Gilda },
  title     = { Combining Functional and Imperative Programming for Multicore Software: An Empirical Study Evaluating Scala and Java },
  crossref  = { icse-2012 },
  keywords  = { code completion }
}

@inproceedings{bayne-icse-2011,
  author    = { Bayne, Michael and Cook, Richard and Ernst, Michael D. },
  title     = { Always-available Static and Dynamic Feedback },
  crossref  = { icse-2011 },
  keywords  = { language design }
}

@inproceedings{chandra-icse-2011,
  author    = { Chandra, Satish and Torlak, Emina and Barman, Shaon and Bodik, Rastislav },
  title     = { Angelic Debugging },
  crossref  = { icse-2011 },
  keywords  = { synthesis }
}

@inproceedings{jha-icse-2010,
  author    = {Jha, Susmit and Gulwani, Sumit and Seshia, Sanjit A. and Tiwari, Ashish},
  title     = { Oracle-guided Component-based Program Synthesis },
  crossref  = { icse-2010 },
  keywords  = { synthesis }
}

@inproceedings{zhong-icse-2010,
  author    = { Zhong, Hao and Thummalapenta, Suresh and Xie, Tao and Zhang, Lu and Wang, Qing },
  title     = { Mining API Mapping for Language Migration },
  crossref  = { icse-2010 },
  keywords  = { code completion }
}

@inproceedings{nita-icse-2010,
  author    = { Nita, Marius and Notkin, David },
  title     = { Using Twinning to Adapt Programs to Alternative APIs },
  crossref  = { icse-2010 },
  keywords  = { code completion }
}

@inproceedings{reiss-icse-2009,
  author    = {Reiss, Steven P.},
  title     = {Semantics-based Code Search},
  crossref  = { icse-2009 },
  keywords  = { code completion }
}

@inproceedings{gabel-icse-2008,
  author    = { Gabel, Mark and Su, Zhendong },
  title     = { Symbolic Mining of Temporal Specifications },
  crossref  = { icse-2008 },
  keywords  = { code mining }
}

@inproceedings{sankaranarayanan-icse-2008,
  author    = { Sankaranarayanan, Sriram and Ivan\v{c}i\'{c}, Franjo and Gupta, Aarti },
  title     = { Mining Library Specifications Using Inductive Logic Programming },
  crossref  = { icse-2008 },
  keywords  = { code mining }
}

@inproceedings{holmes-icse-2005,
  author    = { Holmes, Reid and Murphy, Gail C. },
  title     = { Using Structural Context to Recommend Source Code Examples },
  crossref  = { icse-2005 },
  keywords  = { code completion }
}

@inproceedings{cerny-cav-2013,
  title     = { Efficient Synthesis for Concurrency by Semantics-Preserving Transformations },
  author    = { Černý, Pavol and Henzinger, ThomasA. and Radhakrishna, Arjun and Ryzhyk, Leonid and Tarrach, Thorsten },
  crossref  = { cav-2013 },
  keywords  = { synthesis }
}

@inproceedings{albarghouthi-cav-2013,
  title     = { Recursive Program Synthesis },
  author    = { Albarghouthi, Aws and Gulwani, Sumit and Kincaid, Zachary },
  crossref  = { cav-2013 },
  keywords  = { synthesis }
}

@inproceedings{chen-cav-2012,
  title     = { Learning Boolean Functions Incrementally },
  author    = { Chen, Yu-Fang and Wang, Bow-Yaw },
  crossref  = { cav-2012 },
  keywords  = { synthesis }
}

@inproceedings{singh-cav-2012,
  title     = { Synthesizing Number Transformations from Input-Output Examples },
  author    = { Singh, Rishabh and Gulwani, Sumit },
  crossref  = { cav-2012 },
  keywords  = { synthesis }
}

@inproceedings{gvero-cav-2011,
  title     = { Interactive Synthesis of Code Snippets },
  author    = { Gvero, Tihomir and Kuncak, Viktor and Piskac, Ruzica },
  crossref  = { cav-2011 },
  keywords  = { synthesis }
}

@inproceedings{cerny-cav-2011,
  title     = { Quantitative Synthesis for Concurrent Programs },
  author    = { Černý, Pavol and Chatterjee, Krishnendu and Henzinger, ThomasA. and Radhakrishna, Arjun and Singh, Rohit },
  crossref  = { cav-2011 },
  keywords  = { synthesis }
}

@inproceedings{chaudhuri-cav-2011,
  title     = { Smoothing a Program Soundly and Robustly },
  author    = { Chaudhuri, Swarat and Solar-Lezama, Armando },
  crossref  = { cav-2011 },
  keywords  = { synthesis }
}

@inproceedings{ehlers-cav-2010,
  title     = { Symbolic Bounded Synthesis },
  author    = { Ehlers, Rüdiger },
  crossref  = { cav-2010 },
  keywords  = { synthesis }
}

@inproceedings{bloem-cav-2010,
  title     = { RATSY -- A New Requirements Analysis Tool with Synthesis },
  author    = { Bloem, Roderick and Cimatti, Alessandro and Greimel, Karin and Hofferek, Georg and Könighofer, Robert and Roveri, Marco and Schuppan, Viktor and Seeber, Richard },
  crossref  = { cav-2010 },
  keywords  = { synthesis }
}

@inproceedings{kuncack-cav-2010,
  title     = { Comfusy: A Tool for Complete Functional Synthesis },
  author    = { Kuncak, Viktor and Mayer, Mikaël and Piskac, Ruzica and Suter, Philippe },
  crossref  = { cav-2010 },
  keywords  = { synthesis }
}

@inproceedings{bouajjani-cav-2010,
  title     = { Invariant Synthesis for Programs Manipulating Lists with Unbounded Data },
  author    = { Bouajjani, Ahmed and Drăgoi, Cezara and Enea, Constantin and Rezine, Ahmed and Sighireanu, Mihaela },
  crossref  = { cav-2010 },
  keywords  = { synthesis }
}

@inproceedings{hofmann-esop-2013,
  title     = { Automatic Type Inference for Amortised Heap-Space Analysis },
  author    = { Hofmann, Martin and Rodriguez, Dulma },
  crossref  = { cav-2010 },
  keywords  = { synthesis }
}

@inproceedings{brauer-esop-2011,
  title     = { Transfer Function Synthesis without Quantifier Elimination },
  author    = { Brauer, Jörg and King, Andy },
  crossref  = { esop-2011 },
  keywords  = { synthesis }
}

@inproceedings{bernardy-esop-2010,
  title     = { Testing Polymorphic Properties },
  author    = { Bernardy, Jean-Philippe and Jansson, Patrik and Claessen, Koen },
  crossref  = { esop-2010 },
  keywords  = { polymorphism, testing }
}

@inproceedings{kuan-esop-2007,
  title     = { A Rewriting Semantics for Type Inference },
  author    = { Kuan, George and MacQueen, David and Findler, Robert Bruce },
  crossref  = { esop-2010 },
  keywords  = { polymorphism, testing }
}

@inproceedings{naik-esop-2005,
  title     = { A Type System Equivalent to a Model Checker },
  author    = { Naik, Mayur and Palsberg, Jens },
  crossref  = { esop-2005 },
  keywords  = { model checking }
}

@inproceedings{duck-esop-2004,
  title     = { Sound and Decidable Type Inference for Functional Dependencies },
  author    = { Duck, Gregory J. and Peyton-Jones, Simon and Stuckey, Peter J. and Sulzmann, Martin },
  crossref  = { esop-2004 },
  keywords  = { type inference }
}

@inproceedings{lhoussaine-esop-2003,
  title     = { Type Inference for a Distributed \pi-Calculus },
  author    = { Lhoussaine, Cédric },
  crossref  = { esop-2004 },
  keywords  = { type inference }
}

@inproceedings{haack-esop-2003,
  title     = { Type Error Slicing in Implicitly Typed Higher-Order Languages },
  author    = { Haack, Christian and Wells, J.B. },
  crossref  = { esop-2003 },
  keywords  = { slicing },
}

@phdthesis{solar-lezama-thesis-2008,
  author    = { Solar-Lezama, Armando },
  title     = { Program Synthesis by Sketching },
  school    = { University of California, Berkeley },
  year      = { 2008 },
}

@article{manna-tse-1979,
  author    = { Manna, Zohar and Waldinger, Richard },
  title     = { Synthesis: Dreams $\Rightarrow$ Programs },
  journal   = { {IEEE} {T}ransactions on {S}oftware {E}ngineering },
  year      = { 1979 },
  volume    = { 4 },
  month     = { July },
  keywords  = { theorem proving, lisp, synthesis },
}

@article{manna-plas-1980,
  author = {Manna, Zohar and Waldinger, Richard},
  title = {A Deductive Approach to Program Synthesis},
  journal = {ACM Trans. Program. Lang. Syst.},
  issue_date = {Jan. 1980},
  volume = {2},
  number = {1},
  month = jan,
  year = {1980},
  issn = {0164-0925},
  pages = {90--121},
  numpages = {32},
  acmid = {357090},
  publisher = {ACM},
  address = {New York, NY, USA},
} 

@inproceedings{green-ijcai-1969,
  author    = { Green, Cordell },
  title     = { Application of Theorem Proving to Problem Solving },
  booktitle = { {I}nternational {J}oint {C}onference on {A}rtificial {I}ntelligence },
  year      = { 1969 },
  keywords  = { theorem proving, lisp, synthesis },
}

@inproceedings{summers-popl-1976,
  author    = { Summers, Phillip D. },
  title     = { A Methodology for {LISP} Program Construction From Examples },
  crossref  = { popl-1976 },
  keywords  = { lisp, examples, synthesis },
}

@article{muggleton-jlp-1994,
  author = { Muggleton, Stephen and Raedt, Luc de },
  title = { Inductive Logic Programming: Theory and Methods },
  journal = { The Journal of Logic Programming },
  volume = { 19 },
  number = { 20 },
  pages = { 629-679 },
  year = { 1994 },
  keywords = { inductive logic programming },
}

@article{flener-jlp-1999,
  title = "Inductive synthesis of recursive logic programs: achievements and prospects",
  journal = "The Journal of Logic Programming ",
  volume = "41",
  number = "23",
  pages = "141 - 195",
  year = "1999",
  note = "",
  issn = "0743-1066",
  doi = "http://dx.doi.org/10.1016/S0743-1066(99)00028-X",
  url = "http://www.sciencedirect.com/science/article/pii/S074310669900028X",
  author = "Pierre Flener and Serap Yilmaz",
  keywords = { inductive logic programming },
}

@phdthesis{kitzelmann-thesis-2010,
  author    = { Emanuel Kitzelmann },
  title     = { A Combined Analytical and Search-based Approach to the Inductive
                Synthesis of Functional Programs },
  year      = { 2010 },
  school    = { Fakul\:{a}t f\:{u}r Wirtschafts-und Angewandte Informatik,
                Universit\:{a}t Bamberg },
}

@incollection{kitzelmann-aaip-2010,
  year={2010},
  isbn={978-3-642-11930-9},
  booktitle={Approaches and Applications of Inductive Programming},
  volume={5812},
  series={Lecture Notes in Computer Science},
  editor={Schmid, Ute and Kitzelmann, Emanuel and Plasmeijer, Rinus},
  title={Inductive Programming: A Survey of Program Synthesis Techniques},
  publisher={Springer Berlin Heidelberg},
  author={Kitzelmann, Emanuel},
  pages={50-73}
}

@inproceedings{clavel-wrla-2000,
  author = {M. Clavel, S. Eker, P. Lincoln and J. Meseguer},
  title = {Principles of Maude},
  booktitle = {Electronic Notes in Theoretical Computer Science},
  volume = {4},
  publisher = {Elsevier Science Publishers},
  editor = {J. Meseguer},
  year = {2000}
}

@incollection{hofmann-aaip-2010,
  year={2010},
  isbn={978-3-642-11930-9},
  booktitle={Approaches and Applications of Inductive Programming},
  volume={5812},
  series={Lecture Notes in Computer Science},
  editor={Schmid, Ute and Kitzelmann, Emanuel and Plasmeijer, Rinus},
  title={Porting IgorII from Maude to Haskell},
  publisher={Springer Berlin Heidelberg},
  author={Hofmann, Martin and Kitzelmann, Emanuel and Schmid, Ute},
  pages={140-158}
}

@misc{augustsson-2004,
  author = { Lennart Augustsson },
  title = { [Haskell] Announcing Djinn, version 2004-12-11, a coding wizard },
  howpublished = { Mailing List },
  year = { 2004 },
  note = { \url{http://www.haskell.org/pipermail/haskell/2005-December/017055.html} },
}

@manual{coq-2012,
  title = { The Coq Proof Assistant: Reference Manual },
  author = { {The Coq Development Team} },
  organization = { INRIA },
  year = { 2012 },
  address = { http://coq.inria.fr/distrib/current/refman/ },
}

@phdthesis{norell-thesis-2007,
  author  = {Ulf Norell},
  title   = {Towards a practical programming language based on dependent type theory},
  school  = {Department of Computer Science and Engineering, Chalmers University of Technology},
  year    = 2007,
  month   = {September},
  address = {SE-412 96 G\"{o}teborg, Sweden}
}

@book{anderson1992entailment,
  title     = { Entailment: The logic of relevance and necessity, vol. II },
  author    = { Anderson, Alan Ross and Belnap, Nuel D. and Dunn, J. Michael },
  year      = { 1992 },
  publisher = { Princeton University Press, Princeton }
}

@book{chlipala-cpdt-2013,
  title     = { Certified Programming with Dependent Types: A Pragmatic
    Introduction to the Coq Proof Assistant },
  author    = { Adam Chlipala },
  year      = { 2013 },
  publisher = { The MIT Press },
}

@inproceedings{katayama-pepm-2012,
  author = {Katayama, Susumu},
  title = {An Analytical Inductive Functional Programming System That Avoids Unintended Programs},
  booktitle = {Proceedings of the ACM SIGPLAN 2012 Workshop on Partial Evaluation and Program Manipulation},
  series = {PEPM '12},
  year = {2012},
  isbn = {978-1-4503-1118-2},
  location = {Philadelphia, Pennsylvania, USA},
  pages = {43--52},
  numpages = {10},
  acmid = {2103758},
  publisher = {ACM},
  address = {New York, NY, USA},
}

@inbook{kreitz-automated-deduction-1998,
  author    = { Christoph Kreitz },
  title     = { Program Synthesis },
  booktitle = { Automated Deduction --- A Basis for Applications },
  publisher = { Springer },
  pages     = { 105--134 },
  year      = { 1998 },
}

@inproceedings{gulwani-ppdp-2010,
   author = {Gulwani, Sumit},
   title = {Dimensions in Program Synthesis},
   booktitle = {Proceedings of the 12th International ACM SIGPLAN Symposium on Principles and Practice of Declarative Programming},
   series = {PPDP '10},
   year = {2010},
   isbn = {978-1-4503-0132-9},
   location = {Hagenberg, Austria},
   pages = {13--24},
   numpages = {12},
   url = {http://doi.acm.org/10.1145/1836089.1836091},
   doi = {10.1145/1836089.1836091},
   acmid = {1836091},
   publisher = {ACM},
   address = {New York, NY, USA},
   keywords = {belief propagation, deductive synthesis, genetic programming, inductive synthesis, machine learning, probabilistic inference, programming by demonstration, programming by examples, sat solving, smt solving},
}

@inproceedings{wadler-fpca-1989,
  author = {Wadler, Philip},
  title = {Theorems for Free!},
  booktitle = {Proceedings of the Fourth International Conference on Functional Programming Languages and Computer Architecture},
  series = {FPCA '89},
  year = {1989},
  isbn = {0-89791-328-0},
  location = {Imperial College, London, United Kingdom},
  pages = {347--359},
  numpages = {13},
  url = {http://doi.acm.org/10.1145/99370.99404},
  doi = {10.1145/99370.99404},
  acmid = {99404},
  publisher = {ACM},
  address = {New York, NY, USA},
}

@misc{ghc-typed-holes,
  author = { Thijs Alkemade },
  title = { Holes in {GHC} },
  notes = { http://www.haskell.org/pipermail/glasgow-haskell-users/2012-July/022640.html },
}

@inproceedings{alur-fmcad-2013,
  author = { Alur, Rajeev
         and Bodik, Rastislav
         and Juniwal, Garvit
         and Martin, Milo M. K.
         and Raghothaman, Mukund
         and Seshia, Sanjit A.
         and Singh, Rishabh
         and Solar-Lezama, Armando
         and Torlak, Emina
         and Udupa, Abhishk },
  title = { Syntax-guided Synthesis },
  booktitle = { 13th {I}nternational {C}onference on {F}ormal {M}ethods in {C}omputer-aided {D}esign },
  year = { 2013 },
}

@inbook{barrett-smt-2008,
  author    = { Barrett, Clark and Sebastiani, Roberto and Seshia, Sanjit A. and Tinelli, Cesare },
  title     = { Satisfiability Modulo Theories },
  booktitle = { Hanbook of Satisfiability },
  publisher = { IOS Press },
  year      = { 2008 },
}

@article{pierce-toplas-2000,
  author = {Pierce, Benjamin C. and Turner, David N.},
  title = {Local Type Inference},
  journal = {ACM Trans. Program. Lang. Syst.},
  issue_date = {Jan. 2000},
  volume = {22},
  number = {1},
  month = jan,
  year = {2000},
  issn = {0164-0925},
  pages = {1--44},
  numpages = {44},
  acmid = {345100},
  publisher = {ACM},
  address = {New York, NY, USA},
  keywords = {polymorphism, subtyping, type inference},
}

@incollection{walker-atapl-2002,
  author    = { Walker, David },
  title     = { Substructural Type Systems },
  editor    = { Pierce, Benjamin C. },
  booktitle = { Advanced Topics in Types and Programming Languages },
  publisher = { MIT Press },
  year      = { 2002 },
}

@inproceedings{meijer-fpca-1991,
  author = {Meijer, Erik and Fokkinga, Maarten and Paterson, Ross},
  title = {Functional Programming with Bananas, Lenses, Envelopes and Barbed Wire},
  booktitle = {Proceedings of the 5th ACM Conference on Functional Programming Languages and Computer Architecture},
  year = {1991},
  isbn = {0-387-54396-1},
  location = {Cambridge, Massachusetts, USA},
  pages = {124--144},
  numpages = {21},
  url = {http://dl.acm.org/citation.cfm?id=127960.128035},
  acmid = {128035},
  publisher = {Springer-Verlag New York, Inc.},
  address = {New York, NY, USA},
}

@PhdThesis{byrnes-1999,
  author = 	 {John Byrnes},
  title = 	 {Proof search and normal forms in natural deduction},
  school = 	 {Carnegie Mellon University},
  year = 	 1999}

@article{gentze-lj-1935,
  year={1935},
  issn={0025-5874},
  journal={Mathematische Zeitschrift},
  volume={39},
  number={1},
  title={Untersuchungen \:{u}ber das logische Schlie{\ss}en. II},
  publisher={Springer-Verlag},
  author={Gentzen, Gerhard},
  pages={405-431},
  language={German}
}

@inproceedings{perelman-pldi-2014,
  author   = { Perelman, Daniel and Gulwani, Sumit and Grossman, Dan and Provost, Peter },
  title    = { Test-driven Synthesis },
  booktitle = "Proceedings of the 2014 {ACM} {SIGPLAN} {C}onference on {P}rogramming {L}anguage {D}esign and {I}mplementation {(PLDI)}",
  year = 2014,
  keywords = { Synthesis },
}

@inproceedings{torlak-pldi-2014,
  author   = { Torlak, Emina and Bodik, Rastislav },
  title    = { A Lightweight Symbolic Virtual Machine for Solver-aided Host Languages },
  booktitle = "Proceedings of the 2014 {ACM} {SIGPLAN} {C}onference on {P}rogramming {L}anguage {D}esign and {I}mplementation {(PLDI)}",
  year = 2014,
  keywords = { Synthesis },
}

@inproceedings{osera-pldi-2015,
  author    = { Peter-Michael Osera and Steve Zdancewic },
  title     = { Type-and-Example-Directed Program Synthesis },
  booktitle = { Proceedings of the 2015 {ACM} {SIGPLAN} {C}onference on {P}rogramming {L}anguage {D}esign and {I}mplementation {(PLDI)} },
  year      = { 2015 }
}

%%%%%%%%%%%%%%%%%%%%%%%%%%%%%%%%%%%%%%%%%%%%%%%%%%%%%%%%%%%%%%%%%%%%%%%%%%%%%%%%
% PL conference cross-references
% (Automatically generated by plrefgen.py on 2014-03-27 00:43
%%%%%%%%%%%%%%%%%%%%%%%%%%%%%%%%%%%%%%%%%%%%%%%%%%%%%%%%%%%%%%%%%%%%%%%%%%%%%%%%

@conference{cav-2010,
  booktitle = "Proceedings of the 22nd Conference on {C}omputer-{A}ided {V}erification",
  year = 2010,
}

@conference{cav-2011,
  booktitle = "Proceedings of the 23rd Conference on {C}omputer-{A}ided {V}erification",
  year = 2011,
}

@conference{cav-2012,
  booktitle = "Proceedings of the 24th Conference on {C}omputer-{A}ided {V}erification",
  year = 2012,
}

@conference{cav-2013,
  booktitle = "Proceedings of the 25th Conference on {C}omputer-{A}ided {V}erification",
  year = 2013,
}

@conference{esop-2003,
  booktitle = "Proceedings of the 12th {E}uropean {S}ymposium on {P}rogramming",
  year = 2003,
}

@conference{esop-2004,
  booktitle = "Proceedings of the 13th {E}uropean {S}ymposium on {P}rogramming",
  year = 2004,
}

@conference{esop-2005,
  booktitle = "Proceedings of the 14th {E}uropean {S}ymposium on {P}rogramming",
  year = 2005,
}

@conference{esop-2010,
  booktitle = "Proceedings of the 19th {E}uropean {S}ymposium on {P}rogramming",
  year = 2010,
}

@conference{esop-2011,
  booktitle = "Proceedings of the 20th {E}uropean {S}ymposium on {P}rogramming",
  year = 2011,
}

@conference{icfp-2000,
  booktitle = "Proceedings of the 5th {ACM} {SIGPLAN} {I}nternational {C}onference on {F}unctional {P}rogramming",
  year = 2000,
}

@conference{icfp-2002,
  booktitle = "Proceedings of the 7th {ACM} {SIGPLAN} {I}nternational {C}onference on {F}unctional {P}rogramming",
  year = 2002,
}

@conference{icfp-2003,
  booktitle = "Proceedings of the 8th {ACM} {SIGPLAN} {I}nternational {C}onference on {F}unctional {P}rogramming",
  year = 2003,
}

@conference{icfp-2005,
  booktitle = "Proceedings of the 10th {ACM} {SIGPLAN} {I}nternational {C}onference on {F}unctional {P}rogramming",
  year = 2005,
}

@conference{icfp-2006,
  booktitle = "Proceedings of the 11th {ACM} {SIGPLAN} {I}nternational {C}onference on {F}unctional {P}rogramming",
  year = 2006,
}

@conference{icfp-2008,
  booktitle = "Proceedings of the 13th {ACM} {SIGPLAN} {I}nternational {C}onference on {F}unctional {P}rogramming",
  year = 2008,
}

@conference{icfp-2009,
  booktitle = "Proceedings of the 14th {ACM} {SIGPLAN} {I}nternational {C}onference on {F}unctional {P}rogramming",
  year = 2009,
}

@conference{icfp-2010,
  booktitle = "Proceedings of the 15th {ACM} {SIGPLAN} {I}nternational {C}onference on {F}unctional {P}rogramming",
  year = 2010,
}

@conference{icfp-2011,
  booktitle = "Proceedings of the 16th {ACM} {SIGPLAN} {I}nternational {C}onference on {F}unctional {P}rogramming",
  year = 2011,
}

@conference{icfp-2012,
  booktitle = "Proceedings of the 17th {ACM} {SIGPLAN} {I}nternational {C}onference on {F}unctional {P}rogramming",
  year = 2012,
}

@conference{icfp-2013,
  booktitle = "Proceedings of the 18th {ACM} {SIGPLAN} {I}nternational {C}onference on {F}unctional {P}rogramming",
  year = 2013,
}

@conference{icse-2005,
  booktitle = "Proceedings of the 27th {I}nternational {C}onference {O}n {S}oftware {E}ngineering",
  year = 2005,
}

@conference{icse-2008,
  booktitle = "Proceedings of the 30th {I}nternational {C}onference {O}n {S}oftware {E}ngineering",
  year = 2008,
}

@conference{icse-2009,
  booktitle = "Proceedings of the 31st {I}nternational {C}onference {O}n {S}oftware {E}ngineering",
  year = 2009,
}

@conference{icse-2010,
  booktitle = "Proceedings of the 32nd {I}nternational {C}onference {O}n {S}oftware {E}ngineering",
  year = 2010,
}

@conference{icse-2011,
  booktitle = "Proceedings of the 33rd {I}nternational {C}onference {O}n {S}oftware {E}ngineering",
  year = 2011,
}

@conference{icse-2012,
  booktitle = "Proceedings of the 34th {I}nternational {C}onference {O}n {S}oftware {E}ngineering",
  year = 2012,
}

@conference{icse-2013,
  booktitle = "Proceedings of the 35th {I}nternational {C}onference {O}n {S}oftware {E}ngineering",
  year = 2013,
}

@conference{oopsla-2007,
  booktitle = "Proceedings of the 22nd {ACM} {SIGPLAN} on {O}bject-oriented {P}rogramming {S}ystems, {L}anguages, and {A}pplications ({OOPSLA})",
  year = 2007,
}

@conference{oopsla-2008,
  booktitle = "Proceedings of the 23rd {ACM} {SIGPLAN} on {O}bject-oriented {P}rogramming {S}ystems, {L}anguages, and {A}pplications ({OOPSLA})",
  year = 2008,
}

@conference{oopsla-2010,
  booktitle = "Proceedings of the 25th {ACM} {SIGPLAN} on {O}bject-oriented {P}rogramming {S}ystems, {L}anguages, and {A}pplications ({OOPSLA})",
  year = 2010,
}

@conference{oopsla-2011,
  booktitle = "Proceedings of the 26th {ACM} {SIGPLAN} on {O}bject-oriented {P}rogramming {S}ystems, {L}anguages, and {A}pplications ({OOPSLA})",
  year = 2011,
}

@conference{oopsla-2012,
  booktitle = "Proceedings of the 27th {ACM} {SIGPLAN} on {O}bject-oriented {P}rogramming {S}ystems, {L}anguages, and {A}pplications ({OOPSLA})",
  year = 2012,
}

@conference{oopsla-2013,
  booktitle = "Proceedings of the 28th {ACM} {SIGPLAN} on {O}bject-oriented {P}rogramming {S}ystems, {L}anguages, and {A}pplications ({OOPSLA})",
  year = 2013,
}

@conference{pldi-2004,
  booktitle = "Proceedings of the 2004 {ACM} {SIGPLAN} {C}onference on {P}rogramming {L}anguage {D}esign and {I}mplementation {(PLDI)}",
  year = 2004,
}

@conference{pldi-2005,
  booktitle = "Proceedings of the 2005 {ACM} {SIGPLAN} {C}onference on {P}rogramming {L}anguage {D}esign and {I}mplementation {(PLDI)}",
  year = 2005,
}

@conference{pldi-2006,
  booktitle = "Proceedings of the 2006 {ACM} {SIGPLAN} {C}onference on {P}rogramming {L}anguage {D}esign and {I}mplementation {(PLDI)}",
  year = 2006,
}

@conference{pldi-2007,
  booktitle = "Proceedings of the 2007 {ACM} {SIGPLAN} {C}onference on {P}rogramming {L}anguage {D}esign and {I}mplementation {(PLDI)}",
  year = 2007,
}

@conference{pldi-2008,
  booktitle = "Proceedings of the 2008 {ACM} {SIGPLAN} {C}onference on {P}rogramming {L}anguage {D}esign and {I}mplementation {(PLDI)}",
  year = 2008,
}

@conference{pldi-2009,
  booktitle = "Proceedings of the 2009 {ACM} {SIGPLAN} {C}onference on {P}rogramming {L}anguage {D}esign and {I}mplementation {(PLDI)}",
  year = 2009,
}

@conference{pldi-2010,
  booktitle = "Proceedings of the 2010 {ACM} {SIGPLAN} {C}onference on {P}rogramming {L}anguage {D}esign and {I}mplementation {(PLDI)}",
  year = 2010,
}

@conference{pldi-2011,
  booktitle = "Proceedings of the 2011 {ACM} {SIGPLAN} {C}onference on {P}rogramming {L}anguage {D}esign and {I}mplementation {(PLDI)}",
  year = 2011,
}

@conference{pldi-2012,
  booktitle = "Proceedings of the 2012 {ACM} {SIGPLAN} {C}onference on {P}rogramming {L}anguage {D}esign and {I}mplementation {(PLDI)}",
  year = 2012,
}

@conference{pldi-2013,
  booktitle = "Proceedings of the 2013 {ACM} {SIGPLAN} {C}onference on {P}rogramming {L}anguage {D}esign and {I}mplementation {(PLDI)}",
  year = 2013,
}

@conference{pldi-2014,
  booktitle = "Proceedings of the 2014 {ACM} {SIGPLAN} {C}onference on {P}rogramming {L}anguage {D}esign and {I}mplementation {(PLDI)}",
  year = 2014,
}

@conference{pldi-2015,
  booktitle = "Proceedings of the 2015 {ACM} {SIGPLAN} {C}onference on {P}rogramming {L}anguage {D}esign and {I}mplementation {(PLDI)}",
  year = 2015,
}

@conference{popl-1976,
  booktitle = "Proceedings of the 3rd {ACM} {SIGACT-SIGPLAN} {S}ymposium on {P}rinciples of {P}rogramming {L}anguages {(POPL)}",
  year = 1976,
}

@conference{popl-2000,
  booktitle = "Proceedings of the 27th {ACM} {SIGACT-SIGPLAN} {S}ymposium on {P}rinciples of {P}rogramming {L}anguages {(POPL)}",
  year = 2000,
}

@conference{popl-2001,
  booktitle = "Proceedings of the 28th {ACM} {SIGACT-SIGPLAN} {S}ymposium on {P}rinciples of {P}rogramming {L}anguages {(POPL)}",
  year = 2001,
}

@conference{popl-2002,
  booktitle = "Proceedings of the 29th {ACM} {SIGACT-SIGPLAN} {S}ymposium on {P}rinciples of {P}rogramming {L}anguages {(POPL)}",
  year = 2002,
}

@conference{popl-2005,
  booktitle = "Proceedings of the 32nd {ACM} {SIGACT-SIGPLAN} {S}ymposium on {P}rinciples of {P}rogramming {L}anguages {(POPL)}",
  year = 2005,
}

@conference{popl-2006,
  booktitle = "Conference record of the 33rd {ACM} {SIGACT-SIGPLAN} {S}ymposium on {P}rinciples of {P}rogramming {L}anguages {(POPL)}",
  year = 2006,
}

@conference{popl-2007,
  booktitle = "Proceedings of the 34th {ACM} {SIGACT-SIGPLAN} {S}ymposium on {P}rinciples of {P}rogramming {L}anguages {(POPL)}",
  year = 2007,
}

@conference{popl-2008,
  booktitle = "Proceedings of the 35th {A}nnual {ACM} {SIGACT-SIGPLAN} {S}ymposium on {P}rinciples of {P}rogramming {L}anguages {(POPL)}",
  year = 2008,
}

@conference{popl-2009,
  booktitle = "Proceedings of the 36th {A}nnual {ACM} {SIGACT-SIGPLAN} {S}ymposium on {P}rinciples of {P}rogramming {L}anguages {(POPL)}",
  year = 2009,
}

@conference{popl-2010,
  booktitle = "Proceedings of the 37th {A}nnual {ACM} {SIGACT-SIGPLAN} {S}ymposium on {P}rinciples of {P}rogramming {L}anguages {(POPL)}",
  year = 2010,
}

@conference{popl-2011,
  booktitle = "Proceedings of the 38th {A}nnual {ACM} {SIGACT-SIGPLAN} {S}ymposium on {P}rinciples of {P}rogramming {L}anguages {(POPL)}",
  year = 2011,
}

@conference{popl-2012,
  booktitle = "Proceedings of the 39th {A}nnual {ACM} {SIGACT-SIGPLAN} {S}ymposium on {P}rinciples of {P}rogramming {L}anguages {(POPL)}",
  year = 2012,
}

@conference{popl-2013,
  booktitle = "Proceedings of the 40th {A}nnual {ACM} {SIGACT-SIGPLAN} {S}ymposium on {P}rinciples of {P}rogramming {L}anguages {(POPL)}",
  year = 2013,
}

@conference{popl-2014,
  booktitle = "Proceedings of the 41st {A}nnual {ACM} {SIGACT-SIGPLAN} {S}ymposium on {P}rinciples of {P}rogramming {L}anguages {(POPL)}",
  year = 2014,
}

@article{girard-1987,
  author  = { Girard, Jean-Yves },
  title   = { Linear Logic },
  journal = { Theoretical Computer Science },
  year    = { 1987 },
  volume  = { 50 },
  pages   = { 1--102 },
}

@inproceedings{wadler-pepm-1991,
  author    = { Wadler, Philip },
  title     = { Is There a Use for Linear Logic? },
  booktitle = { Proceedings of the 1991 ACM SIGPLAN Symposium on Partial Evaluation and Semantics-based Program Manipulation (PEPM) },
  year      = { 1991 },
}

@inbook{walker-atapl-2005,
  author    = { Walker, David },
  editor    = { Pierce, Benjamin C. },
  title     = { Advanced Types and Programming Languages },
  chapter   = { Substructural Type Systems },
  pages     = { 3--34 },
  publisher = { The {MIT} Press },
  year      = { 2005 },
}

@inproceedings{xi-popl-2003,
  author    = { Xi, Hongwei and Chen, Chiyan and Chen, Gang },
  title     = { Guarded Recursive Datatype Constructors },
  booktitle = { Proceedings of the 30th ACM SIGPLAN-SIGACT Symposium on Principles of Programming Languages (POPL) },
  year      = { 2003 },
}

@inproceedings{peyton-jones-icfp-2006,
  author    = { Peyton Jones, Simon and Vytiniotis, Dimitrios and Weirich, Stephanie and Washburn, Geoffrey },
  title     = { Simple Unification-based Type Inference for GADTs },
  booktitle = { Proceedings of the Eleventh ACM SIGPLAN International Conference on Functional Programming (ICFP) },
  year      = { 2006 },
}

@book{martin-lof-1984,
  author    = { Per Martin-\"{o}f },
  title     = { Intuitionistic type theory },
  year      = { 1984 },
  publisher = { Bibliopolis },
}

@inproceedings{feser-pldi-2015,
  author    = { Feser, John K. and Chaudhuri, Swarat and Dillig, Isil },
  title     = { Synthesizing Data Structure Transformations from Input-output Examples },
  booktitle = { Proceedings of the 36th ACM SIGPLAN Conference on Programming Language Design and Implementation (PLDI) },
  year      = { 2015 },
}

@article{nelson-jacm-1980,
  author  = { Nelson, Greg and Oppen, Derek C. },
  title   = { Fast Decision Procedures Based on Congruence Closure },
  journal = { Journal of the ACM },
  volume  = { 27 },
  year    = { 1980 },
}

@inbook{hudak-handbook-pl-1998,
  author    = { Hudak, Paul },
  editor    = { Salas, Peter H. },
  title     = { Handbook of Programming Languages },
  volume    = { 3 },
  chapter   = { Domain Specific Languages },
  pages     = { 39--60 },
  publisher = { MacMillan },
  year      = { 1998 },
}

@inproceedings{gaboardi-popl-2013,
  author    = { Marco Gaboardi and Andreas Haeberlen and Justin Hsu and Arjun Narayan and Benjamin C. Pierce },
  title     = { Linear Dependent Types for Differential Privacy },
  year      = { 2013 },
  booktitle = { {ACM} {SIGPLAN--SIGACT} {S}ymposium on {P}rinciples of {P}rogramming {L}anguages ({POPL}) },
}

@article{moore-electronics-1965,
  author    = { Moore, Gordon E. },
  title     = { Cramming More Components Onto Integrated Circuits },
  journal   = { Electronics },
  year      = { 1965 },
  volume    = { 38 },
  number    = { 8 },
}

@inproceedings{weimer-icse-2009,
  author    = {Weimer, Westley and Nguyen, ThanhVu and Le Goues, Claire and Forrest, Stephanie},
  title     = {Automatically Finding Patches Using Genetic Programming},
  booktitle = {Proceedings of the 31st International Conference on Software Engineering (ICSE)},
  year      = {2009},
}

@phdthesis{lau-thesis-2001,
  author    = { Lau, Tessa },
  title     = { Programming by Demonstration: a Machine Learning Approach },
  school    = { University of Washington },
  year      = { 2001 },
}

@article{briggs-kes-2008,
  author   = {Briggs, Forrest and O'Neill, Melissa},
  title    = {Functional Genetic Programming and Exhaustive Program Search with Combinator Expressions},
  journal  = {International Journal of Knowledge-based and Intelligent Engineering Systems--Genetic Programming An Emerging Engineering Tool},
  volume   = {12},
  number   = {1},
  year     = {2008},
}

@inproceedings{scherer-icfp-2015,
  author    = { Scherer, Gabriel and R\`{e}my, Didier },
  title     = { Which simple types have a unique inhabitant? },
  booktitle = { Proceedings of the 18th {ACM} {SIGPLAN} {I}nternational {C}onference on {F}unctional {P}rogramming (ICFP) },
  year      = { 2015 },
}

@incollection{claessen-flp-2014,
  author    = { Claessen, Koen and Duregård, Jonas and Pałka, Michał H.},
  title     = { Generating Constrained Random Data with Uniform Distribution },
  booktitle = { Functional and Logic Programming },
  publisher = { Springer International Publishing },
  year      = { 2014 },
}

@incollection{yakushev-aaip-2010,
  author    = { Rodriguez Yakushev, Alexey and Jeuring, Johan },
  title     = { Enumerating Well-Typed Terms Generically },
  booktitle = { Approaches and Applications of Inductive Programming },
  publisher = { Springer Berlin Heidelberg },
  year      = { 2010 },
}

@article{wielemaker-tplp-2011,
  author  = { Wielemaker, Jan and Schrijvers, Tom and Triska, Markus and Lager, Torbj\"o{}rn },
  title   = { {SWI-Prolog} },
  journal = { Theory and Practice of Logic Programming },
  year    = { 2012 },
  volume  = { 12 },
}

@inproceedings{demoura-tacas-2008,
 author     = { De Moura, Leonardo and Bj{\"o}rner, Nikolaj },
 title      = { Z3: An Efficient SMT Solver },
 booktitle  = { Proceedings of the Theory and Practice of Software, 14th International Conference on Tools and Algorithms for the Construction and Analysis of Systems (TACAS) },
 year       = { 2008 },
}

@incollection{william-curry-1980,
  author    = { Howard, William A. },
  editor    = { Seldin, Jonathan P. and Hindley, J. Roger },
  title     = { The Formulae-as-types Notion of Construction },
  booktitle = { To H.B. Curry: Essays on Combinatory Logic, Lambda Calculus and Formalism },
  publisher = { Academic Press },
  year      = { 1980 },
}

@inproceedings{freeman-pldi-1991,
  author     = { Freeman, Tim and Pfenning, Frank },
  title      = { Refinement Types for ML },
  booktitle  = { Proceedings of the ACM SIGPLAN 1991 Conference on Programming Language Design and Implementation (PLDI) },
  year       = { 1991 },
}

@mastersthesis{frankle-mastersthesis-2015,
  author  = { Jonathan Frankle },
  title   = { Type-directed Synthesis of Products },
  school  = { Princeton University },
  year    = { 2015 },
}

@mastersthesis{shah-mastersthesis-2015,
  author  = { Rohah Shah },
  title   = { Type-directed Program Synthesis with Record Types },
  school  = { University of Pennsylvania },
  yaer    = { 2015 },
}
